
   <record>
      <leader>00000nz  a2200000nc 4500</leader>
      <controlfield tag="001">institutions/30080997</controlfield>
      <controlfield tag="003">DE-633</controlfield>
      <controlfield tag="005">20250620052134.0</controlfield>
      <controlfield tag="008">161109||||z|||a|||||||||||||||||n||||||d</controlfield>
      <datafield tag="024" ind1="7" ind2=" ">
         <subfield code="a">PE-CUsad</subfield>
         <subfield code="q">siglum</subfield>
         <subfield code="2">rism</subfield>
      </datafield>
      <datafield tag="034" ind1="2" ind2=" ">
         <subfield code="d">-71.950344</subfield>
         <subfield code="f">-13.525810</subfield>
      </datafield>
      <datafield tag="040" ind1=" " ind2=" ">
         <subfield code="a">DE-633</subfield>
         <subfield code="c">DE-633</subfield>
         <subfield code="e">rismg</subfield>
      </datafield>
      <datafield tag="043" ind1=" " ind2=" ">
         <subfield code="c">XD-PE</subfield>
      </datafield>
      <datafield tag="110" ind1="2" ind2=" ">
         <subfield code="a">Seminario Arquidiocesano "San Antonio Abad"</subfield>
         <subfield code="c">Cusco</subfield>
         <subfield code="g">PE-CUsad</subfield>
      </datafield>
      <datafield tag="368" ind1=" " ind2=" ">
         <subfield code="a">Institution</subfield>
      </datafield>
      <datafield tag="368" ind1=" " ind2=" ">
         <subfield code="a">Library</subfield>
      </datafield>
      <datafield tag="371" ind1=" " ind2=" ">
         <subfield code="a">Seminario Arquidiocesano "San Antonio,  Abad", Avenida de la Cultura n° 1480, Cusco, Peru</subfield>
         <subfield code="u">http://seminario.arzobispadodelcusco.org/1/inicio.html</subfield>
      </datafield>
      <datafield tag="551" ind1=" " ind2=" ">
         <subfield code="a">Cusco</subfield>
         <subfield code="0">places/3905774</subfield>
      </datafield>
   </record>