
   <record>
      <leader>00000nz  a2200000nc 4500</leader>
      <controlfield tag="001">institutions/30080996</controlfield>
      <controlfield tag="003">DE-633</controlfield>
      <controlfield tag="005">20250620052134.0</controlfield>
      <controlfield tag="008">161109||||z|||a|||||||||||||||||n||||||d</controlfield>
      <datafield tag="024" ind1="7" ind2=" ">
         <subfield code="a">PE-Laal</subfield>
         <subfield code="q">siglum</subfield>
         <subfield code="2">rism</subfield>
      </datafield>
      <datafield tag="040" ind1=" " ind2=" ">
         <subfield code="a">DE-633</subfield>
         <subfield code="c">DE-633</subfield>
         <subfield code="e">rismg</subfield>
      </datafield>
      <datafield tag="043" ind1=" " ind2=" ">
         <subfield code="c">XD-PE</subfield>
      </datafield>
      <datafield tag="110" ind1="2" ind2=" ">
         <subfield code="a">Archivo Arzobispal de Lima</subfield>
         <subfield code="c">Lima</subfield>
         <subfield code="g">PE-Laal</subfield>
      </datafield>
      <datafield tag="368" ind1=" " ind2=" ">
         <subfield code="a">Institution</subfield>
      </datafield>
      <datafield tag="368" ind1=" " ind2=" ">
         <subfield code="a">Library</subfield>
      </datafield>
      <datafield tag="371" ind1=" " ind2=" ">
         <subfield code="a">Archivo Arzobispal de Lima, Calle Luis Espejo 1064, Santa Catalina, Altura cuadra 10 de Av. Canadá. La,  Victoria, Lima, Peru</subfield>
         <subfield code="u">http://www.arzobispadodelima.org/blog/2010/07/31/archivo-arzobispal/</subfield>
      </datafield>
      <datafield tag="551" ind1=" " ind2=" ">
         <subfield code="a">Lima</subfield>
         <subfield code="0">places/6108</subfield>
      </datafield>
   </record>