
   <record>
      <leader>00000nz  a2200000nc 4500</leader>
      <controlfield tag="001">institutions/51006588</controlfield>
      <controlfield tag="003">DE-633</controlfield>
      <controlfield tag="005">20250620052309.0</controlfield>
      <controlfield tag="008">220629||||z|||a|||||||||||||||||n||||||d</controlfield>
      <datafield tag="024" ind1="7" ind2=" ">
         <subfield code="a">168724022</subfield>
         <subfield code="2">VIAF</subfield>
      </datafield>
      <datafield tag="024" ind1="7" ind2=" ">
         <subfield code="a">Q5702926</subfield>
         <subfield code="2">WKP</subfield>
      </datafield>
      <datafield tag="024" ind1="7" ind2=" ">
         <subfield code="a">PE-Lagn</subfield>
         <subfield code="q">siglum</subfield>
         <subfield code="2">rism</subfield>
      </datafield>
      <datafield tag="034" ind1="1" ind2=" ">
         <subfield code="d">-77.0311084903663</subfield>
         <subfield code="f">-12.043843464183528</subfield>
      </datafield>
      <datafield tag="040" ind1=" " ind2=" ">
         <subfield code="a">DE-633</subfield>
         <subfield code="c">DE-633</subfield>
         <subfield code="e">rismg</subfield>
      </datafield>
      <datafield tag="110" ind1="1" ind2=" ">
         <subfield code="a">Archivo General de la Nación del Perú</subfield>
         <subfield code="c">Lima</subfield>
         <subfield code="g">PE-Lagn</subfield>
      </datafield>
      <datafield tag="368" ind1=" " ind2=" ">
         <subfield code="a">Institution</subfield>
         <subfield code="a">Library</subfield>
         <subfield code="a">Archive</subfield>
      </datafield>
      <datafield tag="371" ind1=" " ind2=" ">
         <subfield code="a">Jirón Camaná 125</subfield>
         <subfield code="b">Cercado de Lima 15001</subfield>
         <subfield code="d">Peru</subfield>
         <subfield code="m">transparencia@agn.gob.pe</subfield>
         <subfield code="u">https://www.gob.pe/agn</subfield>
         <subfield code="z">tel: +51 / 14267221</subfield>
      </datafield>
      <datafield tag="551" ind1="1" ind2=" ">
         <subfield code="a">Lima</subfield>
         <subfield code="0">places/6108</subfield>
      </datafield>
   </record>